@article{oscarAvilaMejia,
    author =       "Oscar Ávila Mejía",
    title =        "Computación en la nube",
    journal =      "Depto. de Ingeniería Eléctrica. UAM-I",
    volume =       "",
    number =       "",
    pages =        "46--47",
    year =         "2011",
    DOI =          "http://www.izt.uam.mx/newpage/contactos/anterior/n80ne/nube.pdf"
}
 
@book{latexcompanion,
    author    = "Michel Goossens and Frank Mittelbach and Alexander Samarin",
    title     = "The \LaTeX\ Companion",
    year      = "1993",
    publisher = "Addison-Wesley",
    address   = "Reading, Massachusetts"
}


@book{Korte,
    author    = "Korte, B., Vygen, J.",
    title     = "Combinatorial optimization Theory and Algorithms, Fourth Edition",
    year      = "2008",
    publisher = "Springer Heidelberg Dordrecht. ",
    address   = "London New York"
}




@book{russel,
    author       = "Russell, S. J. \& Norvig, P", 
    title        = "Artificial Intelligence: A Modern Approach", 
    year         = "2003",
    publisher    = "Prentice Hall, 2a edição. ISBN 0-13-790395-2",
    address      = "Trujillo"
} 
 
  
@misc{knuthwebsite,
    author    = "Donald Knuth",
    title     = "Knuth: Computers and Typesetting",
    url       = "http://www-cs-faculty.stanford.edu/\~{}uno/abcde.html"
}

 
@book{Goossens,
author="Michel Goossens and Frank Mittelbach and Alexander Samarin",
title="The \LaTeX Companion",
editor="Addison-Wesley",
year="1993"
}

@book{Lamport,
author="Leslie Lamport",
title="\LaTeX",
editor="Addison-Wesley",
year="1996"
} 
 
 
@book{Ghiani,
    author       = "Ghiani, G. and Laporte, G. and Musmanno, R.", 
    title        = "Introduction to logistics systems planning and control", 
    year         = "2004",
    publisher    = "Jhon Wiley \& Sons"
} 


@article{Ombuki,
    author       = "Ombuki, B. and Ross, Brian J. and Hanshar, F.",
    title        = "Multi-Objetive Genetic Algorithms for Vehicle Routing Problem with Time Windows", 
    journal =      "Applied Intelligence, Springer Science.",
    volume =       "322",
    number =       "12",
    pages =        "91--99",
    year =         "2006",
}

@article{Yeun,
    author       = "Yeun, L.C. and Ismail, W.R. and Omar, K. and Zirour, M. ",
    title        = "Vehicle Routing Problem: Models and solutions", 
    journal =      "Journal of Quality measurement and analysis.",
    volume =       "22",
    number =       "13",
    pages =        "111--120",
    year =         "2008",
}


@book{Sterle,
    author    = "Sterle, C.",
    title        = "Location-Routing models and methods for freight distribution and infomobility in city logistics", 
    year      = "2010",
    publisher = "Thèse de doctorat. Centre interuniversitaire de recherché sur les réseaux d' entreprise, la logistique et le transport.",
    address   = "CIRRELT"
}


@article{Tanguay,
    author       = "Tanguay, G.A. and Rajaonson, J. and Lefevre, J. and Lanoie, P. ",
    title        = "Measuring the sustainability of cities: An analysis of the use of local indicators.", 
    journal =      "Ecological Indiators, Elsevier.",
    volume =       "26",
    number =       "22",
    pages =        "100--115",
    year =         "2010",
}


@article{Dekker,
    author       = "Dekker, R. and Inderfurth, K. and van Wassenhove, L. and Fleischmann, M. ",
    title        = "Quantitative Approaches for reverse logistics.", 
    journal =      "Springer-Verlag, Berlin. Forthcoming.",
    volume =       "24",
    number =       "22",
    pages =        "40--60",
    year =         "2003",
 }
    
